@webpage{QMCPyTutColab2020_paper,
	author = {F. J. Hickernell and A. Sorokin},
	title = {{Q}uasi-{M}onte {C}arlo {(QMC)} Software in {QMCPy} {G}oogle {C}olaboratory Notebook for {MCQMC2020} Article},
	url = {http://tinyurl.com/QMCPyArticle},
	year = {2020},
	Bdsk-Url-1 = {http://tinyurl.com/QMCPyArticle}}