@article{bezanson2012julia,
  title={Julia: {A} fast dynamic language for technical computing},
  author={Bezanson, Jeff and Karpinski, Stefan and Shah, Viral B and Edelman, Alan},
  journal={arXiv preprint arXiv:1209.5145},
  year={2012}
}

@article{owen1998scrambling,
  title={Scrambling {S}obol' and {N}iederreiter--{X}ing Points},
  author={Owen, Art B},
  journal={Journal of Complexity},
  volume={14},
  number={4},
  pages={466--489},
  year={1998},
  publisher={Elsevier}
}

@article{owen2021r,
  title={About the {R} function: rsobol},
  author={Owen, Art B},
  year={2021}
}

@article{owen2021strong,
  title={A strong law of large numbers for scrambled net integration},
  author={Owen, Art B and Rudolf, Daniel},
  journal={SIAM Review},
  volume={63},
  number={2},
  pages={360--372},
  year={2021},
  publisher={SIAM}
}

@article{l2016algorithm,
  title={Algorithm 958: {L}attice{B}uilder: {A} general software tool for constructing rank-1 lattice rules},
  author={l'Ecuyer, Pierre and Munger, David},
  journal={ACM Transactions on Mathematical Software (TOMS)},
  volume={42},
  number={2},
  pages={1--30},
  year={2016},
  publisher={ACM New York, NY, USA}
}

@webpage{Rob21,
	author = {P. Robbe},
	title = {Multilevel {M}onte {C}arlo simulations in {J}ulia},
	url = {https://github.com/PieterjanRobbe/MultilevelEstimators.jl},
	year = {2021},
	Bdsk-Url-1 = {https://github.com/PieterjanRobbe/MultilevelEstimators.jl}}

@webpage{tfqf21,	
	author = {{Google Inc.}},
	title = {{TF Quant Finance}: TensorFlow based {Q}uant {F}inance {L}ibrary},
	url = {https://github.com/google/tf-quant-finance},
	year = {2021},
}

@misc{tensorflow2015-whitepaper,
title={ {TensorFlow}: Large-Scale Machine Learning on Heterogeneous Systems},
url={https://www.tensorflow.org/},
note={Software available from tensorflow.org},
author={
    Mart\'{\i}n~Abadi and
    Ashish~Agarwal and
    Paul~Barham and
    Eugene~Brevdo and
    Zhifeng~Chen and
    Craig~Citro and
    Greg~S.~Corrado and
    Andy~Davis and
    Jeffrey~Dean and
    Matthieu~Devin and
    Sanjay~Ghemawat and
    Ian~Goodfellow and
    Andrew~Harp and
    Geoffrey~Irving and
    Michael~Isard and
    Yangqing Jia and
    Rafal~Jozefowicz and
    Lukasz~Kaiser and
    Manjunath~Kudlur and
    Josh~Levenberg and
    Dandelion~Man\'{e} and
    Rajat~Monga and
    Sherry~Moore and
    Derek~Murray and
    Chris~Olah and
    Mike~Schuster and
    Jonathon~Shlens and
    Benoit~Steiner and
    Ilya~Sutskever and
    Kunal~Talwar and
    Paul~Tucker and
    Vincent~Vanhoucke and
    Vijay~Vasudevan and
    Fernanda~Vi\'{e}gas and
    Oriol~Vinyals and
    Pete~Warden and
    Martin~Wattenberg and
    Martin~Wicke and
    Yuan~Yu and
    Xiaoqiang~Zheng},
  year={2015},
}